
  
@ARTICLE{Vadym2018,
       author = {{Hao Low}, Guang and {Kliuchnikov}, Vadym and {Schaeffer}, Luke},
        title = "{Trading T-gates for dirty qubits in state preparation and unitary synthesis}",
      journal = {arXiv e-prints},
     keywords = {Quantum Physics},
         year = "2018",
        month = "Dec",
          eid = {arXiv:1812.00954},
        pages = {arXiv:1812.00954},
archivePrefix = {arXiv},
       eprint = {1812.00954},
 primaryClass = {quant-ph},
       adsurl = {https://ui.adsabs.harvard.edu/\#abs/2018arXiv181200954H},
      adsnote = {Provided by the SAO/NASA Astrophysics Data System}
}

@misc{Alexandru2020,
    title={Constant Depth Bucket Brigade Quantum RAM Circuits Without Introducing Ancillae},
    author={Alexandru Paler and Oumarou Oumarou and Robert Basmadjian},
    year={2020},
    eprint={2002.09340},
    archivePrefix={arXiv},
    primaryClass={quant-ph}
}
@ARTICLE{MITM,  
   author={M. {Amy} and D. {Maslov} and M. {Mosca} and M. {Roetteler}},
   journal={IEEE Transactions on Computer-Aided Design of Integrated Circuits and Systems},   
   title={A Meet-in-the-Middle Algorithm for Fast Synthesis of Depth-Optimal Quantum Circuits},   
   year={2013},  
   volume={32},  
   number={6},  
   pages={818-830},}

@article{tpar,
  author={M. {Amy} and D. {Maslov} and M. {Mosca}},
  journal={IEEE Transactions on Computer-Aided Design of Integrated Circuits and Systems}, 
  title={Polynomial-Time T-Depth Optimization of Clifford+T Circuits Via Matroid Partitioning}, 
  year={2014},
  volume={33},
  number={10},
  pages={1476-1489},}

@article{Selinger2013,
  title = {Quantum circuits of $T$-depth one},
  author = {Selinger, Peter},
  journal = {Phys. Rev. A},
  volume = {87},
  issue = {4},
  pages = {042302},
  numpages = {4},
  year = {2013},
  month = {Apr},
  publisher = {American Physical Society},
  doi = {10.1103/PhysRevA.87.042302},
  url = {https://link.aps.org/doi/10.1103/PhysRevA.87.042302}
}

@inproceedings{Regev2008,
  title={Impossibility of a Quantum Speed-Up with a Faulty Oracle},
  author={Oded Regev and Liron Schiff},
  booktitle={ICALP},
  year={2008}
}

@phdthesis{DiMatteo2018,
  author       = "Di Matteo, Olivia",
  title        = "Methods for parallel quantum circuit synthesis, fault-tolerant quantum RAM, and quantum state tomography",
  school       = "University of Waterloo",
  year         = 2019,
  address      = "Waterloo ON",
  month        = jan
}

@article{DiMatteo2020,
  author={O. {Di Matteo} and V. {Gheorghiu} and M. {Mosca}},
  journal={IEEE Transactions on Quantum Engineering}, 
  title={Fault-Tolerant Resource Estimation of Quantum Random-Access Memories}, 
  year={2020},
  volume={1},
  number={},
  pages={1-13}}

@article{Babbush2018,
	title = {Encoding {Electronic} {Spectra} in {Quantum} {Circuits} with {Linear} {T} {Complexity}},
	url = {http://arxiv.org/abs/1805.03662},
	abstract = {We construct quantum circuits which exactly encode the spectra of correlated electron models up to errors from rotation synthesis. By invoking these circuits as oracles within the recently introduced "qubitization" framework, one can use quantum phase estimation to sample states in the Hamiltonian eigenbasis with optimal query complexity \$O({\textbackslash}lambda / {\textbackslash}epsilon)\$ where \${\textbackslash}lambda\$ is an absolute sum of Hamiltonian coefficients and \${\textbackslash}epsilon\$ is target precision. For both the Hubbard model and electronic structure Hamiltonian in a second quantized basis diagonalizing the Coulomb operator, our circuits have T gate complexity \$O(\{N + {\textbackslash}log (1/{\textbackslash}epsilon\}))\$ where \$N\$ is number of orbitals in the basis. Compared to prior approaches, our algorithms are asymptotically more efficient in gate complexity and require fewer T gates near the classically intractable regime. Compiling to surface code fault-tolerant gates and assuming per gate error rates of one part in a thousand reveals that one can error correct phase estimation on interesting instances of these problems beyond the current capabilities of classical methods using only about one million superconducting qubits in a matter of hours.},
	urldate = {2018-05-31},
	journal = {arXiv:1805.03662 [cond-mat, physics:physics, physics:quant-ph]},
	author = {Babbush, Ryan and Gidney, Craig and Berry, Dominic W. and Wiebe, Nathan and McClean, Jarrod and Paler, Alexandru and Fowler, Austin and Neven, Hartmut},
	month = may,
	year = {2018},
	note = {arXiv: 1805.03662},
	keywords = {read},
	file = {arXiv\:1805.03662 PDF:/Users/oliviadimatteo/Zotero/storage/NZ6YI3BU/Babbush et al. - 2018 - Encoding Electronic Spectra in Quantum Circuits wi.pdf:application/pdf;arXiv.org Snapshot:/Users/oliviadimatteo/Zotero/storage/UTFGCCMT/1805.html:text/html}
}



@article{Barenco1995,
  title = {Elementary gates for quantum computation},
  author = {Barenco, Adriano and Bennett, Charles H. and Cleve, Richard and DiVincenzo, David P. and Margolus, Norman and Shor, Peter and Sleator, Tycho and Smolin, John A. and Weinfurter, Harald},
  journal = {Phys. Rev. A},
  volume = {52},
  issue = {5},
  pages = {3457--3467},
  numpages = {0},
  year = {1995},
  month = {Nov},
  publisher = {American Physical Society},
  doi = {10.1103/PhysRevA.52.3457},
  url = {https://link.aps.org/doi/10.1103/PhysRevA.52.3457}
}

@ARTICLE{Kerenidis2016,
   author = {{Kerenidis}, I. and {Prakash}, A.},
    title = "{Quantum Recommendation Systems}",
  journal = {ArXiv e-prints},
archivePrefix = "arXiv",
   eprint = {1603.08675},
 primaryClass = "quant-ph",
 keywords = {Quantum Physics, Computer Science - Data Structures and Algorithms, Computer Science - Information Retrieval},
     year = 2016,
    month = mar,
   adsurl = {http://adsabs.harvard.edu/abs/2016arXiv160308675K},
  adsnote = {Provided by the SAO/NASA Astrophysics Data System}
}


@article{Mishchenko2001,
author = {Mishchenko, Alan and Perkowski, Marek},
year = {2001},
month = {09},
pages = {}, 
title = {Fast Heuristic Minimization of Exclusive-Sums-of-Products},
booktitle = {5th International Reed-Muller Workshop}
}

@article{Arunachalam2015,
  author={Srinivasan Arunachalam and Vlad Gheorghiu and Tomas Jochym-Oâ€™Connor and Michele Mosca and Priyaa Varshinee 
Srinivasan},
  title={On the robustness of bucket brigade quantum RAM},
  journal={New Journal of Physics},
  volume={17},
  number={12},
  pages={123010},
  url={http://stacks.iop.org/1367-2630/17/i=12/a=123010},
  year={2015}
}

@misc{OurLibrary,
  title = {{qRAM library for Q\#}},
  howpublished = "\url{https://github.com/qsharp-community/qram}"   
}

@misc{abc,
  title = {{ABC: System for Sequential Logic Synthesis and Formal Verification}},
  howpublished = "\url{https://github.com/berkeley-abc/abc}"
}

@article{Giovannetti2008,
  title = {Quantum Random Access Memory},
  author = {Giovannetti, Vittorio and Lloyd, Seth and Maccone, Lorenzo},
  journal = {Phys. Rev. Lett.},
  volume = {100},
  issue = {16},
  pages = {160501},
  numpages = {4},
  year = {2008},
  month = {Apr},
  publisher = {American Physical Society},
  doi = {10.1103/PhysRevLett.100.160501},
  url = {https://link.aps.org/doi/10.1103/PhysRevLett.100.160501}
}

@article{Giovannetti2008b,
  title = {Architectures for a quantum random access memory},
  author = {Giovannetti, Vittorio and Lloyd, Seth and Maccone, Lorenzo},
  journal = {Phys. Rev. A},
  volume = {78},
  issue = {5},
  pages = {052310},
  numpages = {9},
  year = {2008},
  month = {Nov},
  publisher = {American Physical Society},
  doi = {10.1103/PhysRevA.78.052310},
  url = {https://link.aps.org/doi/10.1103/PhysRevA.78.052310}
}


@article{PhysRevLett.79.325,
	Author = {Grover, Lov K.},
	Date-Added = {2016-04-01 15:18:35 +0000},
	Date-Modified = {2016-04-01 15:18:35 +0000},
	Doi = {10.1103/PhysRevLett.79.325},
	Issue = {2},
	Journal = {Phys. Rev. Lett.},
	Month = {Jul},
	Numpages = {0},
	Pages = {325--328},
	Publisher = {American Physical Society},
	Title = {Quantum Mechanics Helps in Searching for a Needle in a Haystack},
	Url = {http://link.aps.org/doi/10.1103/PhysRevLett.79.325},
	Volume = {79},
	Year = {1997},
	Bdsk-Url-1 = {http://link.aps.org/doi/10.1103/PhysRevLett.79.325},
	Bdsk-Url-2 = {http://dx.doi.org/10.1103/PhysRevLett.79.325}}
    
@article{HHL,
  title = {Quantum Algorithm for Linear Systems of Equations},
  author = {Harrow, Aram W. and Hassidim, Avinatan and Lloyd, Seth},
  journal = {Phys. Rev. Lett.},
  volume = {103},
  issue = {15},
  pages = {150502},
  numpages = {4},
  year = {2009},
  month = {Oct},
  publisher = {American Physical Society},
  doi = {10.1103/PhysRevLett.103.150502},
  url = {https://link.aps.org/doi/10.1103/PhysRevLett.103.150502}
}

@book{Schuld2018,
address = {Cham},
author = {Schuld, Maria and Petruccione, Francesco},
booktitle = {Quantum Science and Technology},
doi = {10.1007/978-3-319-96424-9},
file = {:home/olivia/.local/share/data/Mendeley Ltd./Mendeley Desktop/Downloaded/Schuld, Petruccione - 2018 - Supervised Learning with Quantum Computers.pdf:pdf},
isbn = {978-3-319-96423-2 978-3-319-96424-9},
language = {en},
mendeley-groups = {Quantum machine learning},
month = {apr},
publisher = {Springer International Publishing},
series = {Quantum Science and Technology},
title = {{Supervised Learning with Quantum Computers}},
url = {http://link.springer.com/10.1007/978-3-319-96424-9 http://files/2097/Schuld and Petruccione - 2018 - Supervised Learning with Quantum Computers.pdf https://link-springer-com.ezproxy.library.ubc.ca/content/pdf/10.1007%2F978-3-319-96424-9.pdf},
year = {2018}
}

